<record><leader>00000cas a22000007a 4500</leader><controlfield tag="001">10444812</controlfield><controlfield tag="008">840222d18481876ncuwn ne      0    0eng d</controlfield><datafield ind1=" " ind2=" " tag="010"><subfield code="a">sn 84026456 </subfield></datafield><datafield ind1=" " ind2=" " tag="040"><subfield code="a">NPU</subfield><subfield code="b">eng</subfield><subfield code="c">NPU</subfield><subfield code="d">DLC</subfield><subfield code="d">NPX</subfield><subfield code="d">MFN</subfield><subfield code="d">NVJ</subfield><subfield code="d">NYS</subfield><subfield code="d">FUG</subfield><subfield code="d">NVJ</subfield><subfield code="d">DLC</subfield><subfield code="d">OCL</subfield><subfield code="d">OCLCQ</subfield><subfield code="d">OCLCF</subfield><subfield code="d">OCLCO</subfield></datafield><datafield ind1="1" ind2=" " tag="029"><subfield code="a">AU@</subfield><subfield code="b">000026223182</subfield></datafield><datafield ind1=" " ind2=" " tag="042"><subfield code="a">msc</subfield></datafield><datafield ind1=" " ind2=" " tag="043"><subfield code="a">n-us-nc</subfield></datafield><datafield ind1="0" ind2="0" tag="050"><subfield code="a">Newspaper</subfield></datafield><datafield ind1="0" ind2="0" tag="245"><subfield code="a">North Carolina argus.</subfield></datafield><datafield ind1="3" ind2="0" tag="246"><subfield code="a">Argus</subfield><subfield code="f">1865</subfield></datafield><datafield ind1=" " ind2=" " tag="260"><subfield code="a">Wadesborough, N.C. :</subfield><subfield code="b">John W. Cameron</subfield></datafield><datafield ind1=" " ind2=" " tag="300"><subfield code="a">v.</subfield></datafield><datafield ind1=" " ind2=" " tag="310"><subfield code="a">Weekly (except at Christmas)</subfield></datafield><datafield ind1="1" ind2=" " tag="362"><subfield code="a">Began with Jan. 3, 1848 issue?</subfield></datafield><datafield ind1="0" ind2=" " tag="362"><subfield code="a">; -v. 4, no. 51 (Dec. 26, 1857), whole no. 207 ; -v. 33, no. 13 (July 6, 1876).</subfield></datafield><datafield ind1=" " ind2=" " tag="500"><subfield code="a">Published in Fayetteville, N.C., Jan. 1854-Jan. 1858.</subfield></datafield><datafield ind1=" " ind2=" " tag="500"><subfield code="a">Published as: Argus, Jan. 26-&lt;Mar. 30&gt;, 1865.</subfield></datafield><datafield ind1=" " ind2=" " tag="515"><subfield code="a">Suspended in Jan. 1858, resumed in Sept. 1858.</subfield></datafield><datafield ind1=" " ind2=" " tag="515"><subfield code="a">Issues for &lt;Jan. 20, 1855&gt;-Dec. 26, 1857, and: Sept. 15, 1859-&lt;Dec. 17, 1868&gt;, and: &lt;Feb. 23, 1871&gt;-&lt;Dec. 18, 1873&gt; carry also whole numbers.</subfield></datafield><datafield ind1=" " ind2=" " tag="515"><subfield code="a">Numbering changes frequently.</subfield></datafield><datafield ind1=" " ind2=" " tag="588"><subfield code="a">Description based on: Vol. 1, no. 46 (Nov. 14, 1848).</subfield></datafield><datafield ind1=" " ind2="0" tag="651"><subfield code="a">Wadesboro (N.C.)</subfield><subfield code="v">Newspapers.</subfield></datafield><datafield ind1=" " ind2="0" tag="651"><subfield code="a">Anson County (N.C.)</subfield><subfield code="v">Newspapers.</subfield></datafield><datafield ind1=" " ind2="0" tag="651"><subfield code="a">Fayetteville (N.C.)</subfield><subfield code="v">Newspapers.</subfield></datafield><datafield ind1=" " ind2="0" tag="651"><subfield code="a">Cumberland County (N.C.)</subfield><subfield code="v">Newspapers.</subfield></datafield><datafield ind1=" " ind2="7" tag="655"><subfield code="a">Newspapers.</subfield><subfield code="2">fast</subfield><subfield code="0">(OCoLC)fst01423814</subfield></datafield><datafield ind1=" " ind2="7" tag="651"><subfield code="a">North Carolina</subfield><subfield code="z">Anson County.</subfield><subfield code="2">fast</subfield><subfield code="0">(OCoLC)fst01208037</subfield></datafield><datafield ind1=" " ind2="7" tag="651"><subfield code="a">North Carolina</subfield><subfield code="z">Cumberland County.</subfield><subfield code="2">fast</subfield><subfield code="0">(OCoLC)fst01212201</subfield></datafield><datafield ind1=" " ind2="7" tag="651"><subfield code="a">North Carolina</subfield><subfield code="z">Fayetteville.</subfield><subfield code="2">fast</subfield><subfield code="0">(OCoLC)fst01204294</subfield></datafield><datafield ind1=" " ind2="7" tag="651"><subfield code="a">North Carolina</subfield><subfield code="z">Wadesboro.</subfield><subfield code="2">fast</subfield><subfield code="0">(OCoLC)fst01224112</subfield></datafield><datafield ind1=" " ind2=" " tag="752"><subfield code="a">United States</subfield><subfield code="b">North Carolina</subfield><subfield code="c">Cumberland</subfield><subfield code="d">Fayetteville.</subfield></datafield><datafield ind1=" " ind2=" " tag="752"><subfield code="a">United States</subfield><subfield code="b">North Carolina</subfield><subfield code="c">Anson</subfield><subfield code="d">Wadesboro.</subfield></datafield></record>